@inproceedings{LV03-PADL,
author      = "R.~L{\"a}mmel and J.~Visser",
title       = "{A Strafunski Application Letter}",
booktitle   = "{Proc.\ of Practical Aspects of Declarative Programming
                    (PADL'03)}",
editor      = "V.~Dahl and P.~Wadler",
publisher   = "Springer-Verlag",
series      = "LNCS",
volume      = "2562",
year        = 2003,
month       = jan,
pages       = "357--375",
}

