@book{Kernighan:1988:CPL:576122,
	author = {Kernighan, Brian W.},
	editor = {Ritchie, Dennis M.},
	title = {The  C Programming Language},
	year = {1988},
	isbn = {0131103709},
	edition = {2nd},
	publisher = {Prentice Hall Professional Technical Reference},
} 

@article{DBLP:journals/tse/McCabe76,
	author    = {Thomas J. McCabe},
	title     = {A Complexity Measure},
	journal   = {IEEE Trans. Software Eng.},
	volume    = {2},
	number    = {4},
	year      = {1976},
	pages     = {308-320},
	bibsource = {DBLP, http://dblp.uni-trier.de}
}

@INPROCEEDINGS{Watson96specialpublication,
	author = {Arthur H. Watson and Thomas J. Mccabe and Dolores R. Wallace},
	title = {Special Publication 500-235, Structured Testing: A Software Testing Methodology Using the Cyclomatic Complexity Metric},
	booktitle = {U.S. Department of Commerce/National Institute of Standards and Technology},
	year = {1996}
}

@inproceedings{LV03-PADL,
	author      = "R.~L{\"a}mmel and J.~Visser",
	title       = "{A Strafunski Application Letter}",
	booktitle   = "{Proc.\ of Practical Aspects of Declarative Programming (PADL'03)}",
	editor      = "V.~Dahl and P.~Wadler",
	publisher   = "Springer-Verlag",
	series      = "LNCS",
	volume      = "2562",
	year        = 2003,
	month       = jan,
	pages       = "357--375",
}

@inproceedings{Lammel:2002:DPF:570186.570187,
	author = {L\"{a}mmel, Ralf and Visser, Joost},
	title = {Design patterns for functional strategic programming},
	booktitle = {Proceedings of the 2002 ACM SIGPLAN workshop on Rule-based programming},
	series = {RULE '02},
	year = {2002},
	isbn = {1-58113-606-4},
	location = {Pittsburgh, Pennsylvania},
	pages = {1--14},
	numpages = {14},
	url = {http://doi.acm.org/10.1145/570186.570187},
	doi = {http://doi.acm.org/10.1145/570186.570187},
	acmid = {570187},
	publisher = {ACM},
	address = {New York, NY, USA},
	keywords = {combinator libraries, design patterns, functional programming, generic programming, program analysis, program transformation, strafunski},
} 

@inproceedings{SYB3,
	author = "Ralf L{\"a}mmel and Simon {Peyton Jones}",
	title = "{Scrap your boilerplate with class: extensible generic functions}",
	booktitle = "{Proceedings of the ACM SIGPLAN International Conference on Functional Programming (ICFP 2005)}",
	year      = {2005},
	pages     = {204--215},
	location  = {Tallinn, Estonia},
	publisher = {ACM Press},
	month = sep,
}
					   
