@TECHREPORT{Power,
	author = {Jacqueline A. Mcquillan and James F. Power},
	title = {A definition of the Chidamber and Kemerer metrics suite for the Unified Modeling Language},
	institution = {},
	year = {2006}
}
