
@article{LISA_1,
	author = {Mernik, Marjan   and Leni\v{c}, Mitja   and Avdi\v{c}au\v{s}evi\'{c}, Enis   and \v{Z}umer, Viljem  },
	journal = {Compiler Construction},
	keywords = {attribute\_grammars, lisa},
	pages = {1--4},
	posted-at = {2008-12-02 14:43:47},
	title = {{LISA}: An Interactive Environment for Programming Language Development},
	url = {http://dx.doi.org/10.1007/3-540-45937-5\_1},
	year = {2002}
}


@article{LISA_2,
	address = {New York, NY, USA},
	author = {Mernik, Marjan   and Korbar, Nikolaj   and \v{Z}umer, Viljem  },
	issn = {0362-1340},
	journal = {SIGPLAN Not.},
	number = {4},
	pages = {71--79},
	publisher = {ACM},
	title = {{LISA}: a tool for automatic language implementation},
	url = {http://dx.doi.org/10.1145/202176.202185},
	volume = {30},
	year = {1995}
}



@article{LISA_3,
	author = {Mernik, Marjan   and Leni\v{c}, Mitja   and Avdi\v{c}au\v{s}evi\'{c}, Enis   and \v{Z}umer, Viljem  },
	journal = {L'Object},
	pages = {273--306},
	title = {A Reusable Object-Oriented Approach to Formal Specifications of Programming Languages},
	url = {http://citeseer.ist.psu.edu/old/mernik00reusable.html},
	volume = {4},
	year = {1998}
}



@phdthesis{Gol91,
	address = {Providence, RI, USA},
	author = {Golin, Eric  J. },
	school = {Brown University, Department of Computer Science},
	title = {A Method for the Specification and Parsing of Visual Languages},
	url = {http://portal.acm.org/citation.cfm?id=864839},
	year = {1991},
	month={May}
}

@mastersthesis{Roc95, 
	author = {Jorge Gustavo Rocha},
	title = {Especifica��o de linguagens visuais de programa��o},	school = {Universidade do Minho, Departamento de Inform�tica},
	year = {1995},
	month = {June} 	
}


@mastersthesis{Dias96, 
	author = {Luis Miguel da Silva Dias},
	title = {Linguagens Visuais de Programa��o - Paradigmas e Ambientes},	
	school = {Universidade do Minho, Escola de Engenharia},
	year = {1996},
	month = {December} 	
}



@phdthesis{Hen92,
    author = "Pedro Rangel Henriques",
    title = "{A}tributos e {M}odularidade na {E}specifica\c{c}\~ao
                 de {L}inguagens {F}ormais",
    year = 1992,
    month = Dec,
    school = "Universidade do Minho",
    annote = "compilacao, atributos, modularidade"
  }
  
  
@article{RekSch97,
	author = {Rekers, J.  and Sch\"{u}rr, A. },
	journal = {Journal of Visual Languages \& Computing},
	month = {February},
	number = {1},
	pages = {27--55},
	title = {Defining and Parsing Visual Languages with Layered Graph Grammars},
	url = {http://dx.doi.org/10.1006/jvlc.1996.0027},
	volume = {8},
	year = {1997}
}


@book{Chang90,
	address = {Upper Saddle River, NJ, USA},
	editor = {Chang, Shi  K. },
	isbn = {0-13-71965-X},
	publisher = {Prentice-Hall, Inc.},
	title = {Principles of visual programming systems},
	url = {http://portal.acm.org/citation.cfm?id=140799},
	year = {1990}
}


@book{ASU86,
    author = "A. V. Aho and R. Sethi and J. D. Ullman",
    title = "Compilers Principles, Techniques and Tools",
    year = 1986,
    publisher = "aw",
    annote = "compilacao"
    }
    
    
@book{VSNET03,
 author = {Chris Sells and Jon Flanders},
 title = {Mastering Visual Studio .Net},
 year = {2003},
 isbn = {0596003609},
 publisher = {O'Reilly \& Associates, Inc.},
 address = {Sebastopol, CA, USA},
 }


@article{LISAa,
	author = {Henriques, Pedro Rangel  and Pereira, M. J. V.  and Mernik, Marjan.  and Leni\v{c}, Mitja.  and Gray, J.  and Wu, H. },
	booktitle = {Software, IEE Proceedings -},
	journal = {Software, IEE Proceedings -},
	pages = {54--69},
	title = {Automatic generation of language-based tools using the LISA system},
	url = {http://dx.doi.org/10.1049/ip-sen:20041317},
	volume = {152},
	year = {2005},
	number = {2}
}

@inproceedings{aspectLisa,
	author = {Rebernak, D.  and Mernik, Marjan.  and Henriques, Pedro Rangel  and da Cruz, Daniela  and Pereira, M. J. V. },
	booktitle = {Information Technology Interfaces, 2006. 28th International Conference on},
	journal = {Information Technology Interfaces, 2006. 28th International Conference on},
	pages = {695--700},
	title = {Specifying languages using aspect-oriented approach: AspectLISA},
	url = {http://dx.doi.org/10.1109/ITI.2006.1708565},
	year = {2006}
}


@misc{xmlStands,
    author = {Barry \& Associates},
    title = "XML Vocabularies",
    year = 2008,
    howpublished = {\url{http://www.service-architecture.com/xml/articles/xml_vocabularies.html}}
    }

	

@article{YBbench,
	author = {Yang, Sherry   and Burnett, Margaret  M. },
	journal = {Journal of Visual Languages and Computing},
	pages = {563--599},
	title = {Representation design benchmarks: a design-time aid for VPL navigable static representations},
	url = {http://citeseerx.ist.psu.edu/viewdoc/summary?doi=10.1.1.37.4979},
	volume = {8},
	year = {1997}
}


@inproceedings{YDZbench,
	author = {Yang, Sherry.  and Dekoven, E.  and Zloof, M. },
	booktitle = {Visual Languages, 1996. Proceedings., IEEE Symposium on},
	journal = {Visual Languages, 1996. Proceedings., IEEE Symposium on},
	pages = {263--264},
	title = {Design benchmarks for VPL static representations},
	url = {http://dx.doi.org/10.1109/VL.1996.545296},
	year = {1996}
}


@article{AutoVPEnv,
	address = {Los Alamitos, CA, USA},
	author = {Costagliola, Gennaro   and Tortora, Genoveffa   and Orefice, Sergio   and De Lucia, Andrea  },
	issn = {0018-9162},
	journal = {Computer},
	number = {3},
	pages = {56--66},
	publisher = {IEEE Computer Society Press},
	title = {Automatic Generation of Visual Programming Environments},
	url = {http://dx.doi.org/10.1109/2.366162},
	volume = {28},
	year = {1995}
}

@article{KS02,
	author = {Kastens, Uwe   and Schmidt, Carsten  },
	citeulike-article-id = {3796038},
	journal = {Electr. Notes Theor. Comput. Sci.},
	number = {3},
	title = {{VL-Eli}: A Generator for Visual Languages - System Demonstration},
	volume = {65},
	year = {2002}
}


@inproceedings{PMCH08e,
	author = {Pereira, M. J. V. and Mernik, Marjan   and da Cruz, Daniela   and Henriques, Pedro  R. },
	booktitle = {CoRTA08 --- Compilers, Related Technologies and Applications, Bragan\c{c}a, Portugal},
	citeulike-article-id = {3799097},
	month = {July},
	title = {Visual{LISA}: a Visual Interface for an Attribute Grammar based Compiler-Compiler (short paper)},
	year = {2008}
}




@techreport{Bischoff92,
	author = {Bischoff, Kurt  M. },
	month = {December},
	institution = {Iowa State University},
	number = {IASTATECS//TR92-30},
	posted-at = {2008-12-17 01:46:08},
	priority = {2},
	title = {User Manual for Ox: An Attribute-Grammar Compiling System based on Yacc, Lex, and {C}},
	type = {Technical Report},
	year = {1992}
}

@article{Silver_VBGK,
	author = {Van Wyk, Eric   and Bodin, Derek   and Gao, Jimin   and Krishnan, Lijesh  },
	issn = {1571-0661},
	journal = {Electron. Notes Theor. Comput. Sci.},
	number = {2},
	pages = {103--116},
	publisher = {Elsevier Science Publishers B. V.},
	title = {Silver: an Extensible Attribute Grammar System},
	url = {http://dx.doi.org/10.1016/j.entcs.2008.03.047},
	volume = {203},
	year = {2008}
}

@article{JastAdd_EH,
	address = {New York, NY, USA},
	author = {Ekman, Torbj\"orn   and Hedin, G\"orel  },
	issn = {0362-1340},
	journal = {SIGPLAN Not.},
	number = {10},
	pages = {1--18},
	publisher = {ACM},
	title = {The jastadd extensible java compiler},
	url = {http://dx.doi.org/10.1145/1297105.1297029},
	volume = {42},
	year = {2007}
}


@Article{PQ95,
  author = {Terence Parr and Russell W. Quong},
  title = {ANTLR: A Predicated-LL(K) Parser Generator},
  journal = {Software Practice and Experience},
  editor = {},
  publisher = {},
  year = {1995},
  month = {July},
  volume = {25},
  number = {7},
  pages = {789-810}
}


@InProceedings{Devil_a,
 author = "Carsten Schmidt and Uwe Kastens and Bastian Cramer",
 title = "Using {DEViL} for Implementation of Domain-Specific Visual
Languages",
 booktitle = {Proceedings of the 1st Workshop on Domain-Specific
Program Development},
 year = "2006",
 month = jul,
 address = "Nantes, France"
}

@PhdThesis{Devil_b,
 author =      "Carsten Schmidt",
 title =      "Generierung von Struktureditoren f�r anspruchsvolle
visuelle Sprachen",
 school =      {Universit�t Paderborn},
 year =      2006,
 type =     {Dissertation},
 month =     jan,
 url = {\url{http://ubdata.uni-paderborn.de/ediss/17/2006/schmidt/disserta.pdf}},
}


@InProceedings{SCK07,
  author = "Carsten Schmidt and Bastian Cramer and Uwe Kastens",
  title = "Usability Evaluation of a System for Implementation of Visual Languages ",
  booktitle = {Symposium on Visual Languages and Human-Centric Computing},
  pages =	 {231--238},
  year =	 2007,
  address =	 {Coeur d'Al�ne, Idaho, USA},
  month =	 sep,
  publisher =	 {IEEE Computer Society Press}
  
}

@Article{Gray92,
  author =       "R. W. Gray and V. P. Heuring and S. P. Levi and A. M.
                 Sloane and W. M. Waite",
  title =        "Eli: A Complete, Flexible Compiler Construction System",
  journal =      "Communications of the ACM",
  volume =       "35",
  number =       "2",
  pages =        "121--131",
  month =        feb,
  year =         "1992",
  keywords =     "Eli, CACM isknown, AGKas",
}



@article{BB94,
	author = {Burnett, Margaret   and Baker, Marla  },
	journal = {Journal of Visual Languages and Computing},
	keywords = {programming, visual\_languages},
	pages = {287--300},
	title = {A Classification System for Visual Programming Languages},
	volume = {5},
	year = {1994}
}


@article{Knu68,
	author = {Knuth, Donald  E. },
	journal = {Theory of Computing Systems},
	keywords = {attribute\_grammars},
	month = {June},
	number = {2},
	pages = {127--145},
	title = {Semantics of context-free languages},
	volume = {2},
	year = {1968}
}


@techreport{VLISA09,
	author = {Nuno Oliveira and M. J. V. Pereira and Daniela da Cruz   and Pedro Rangel Henriques},
	title = {Visual{L}{I}{S}{A}},
	institution = {Universidade do Minho},
	year = {2009},
	month = {February},

}



@article{Green96,
	author = {Green, T.  and Petre, M. },
	issn = {1045926X},
	journal = {Journal of Visual Languages \& Computing},
	month = {June},
	number = {2},
	pages = {131--174},
	title = {Usability Analysis of Visual Programming Environments: A 'Cognitive Dimensions' Framework},
	volume = {7},
	year = {1996}
}


@inproceedings{atom,
	address = {London, UK},
	author = {de Lara, Juan   and Vangheluwe, Hans  },
	booktitle = {FASE '02: Proceedings of the 5th International Conference on Fundamental Approaches to Software Engineering},
	isbn = {3-540-43353-8},
	pages = {174--188},
	publisher = {Springer-Verlag},
	title = {AToM3: A Tool for Multi-formalism and Meta-modelling},
	url = {http://portal.acm.org/citation.cfm?id=651300},
	year = {2002}
}

@inproceedings{metaEdit,
	address = {New York, NY, USA},
	author = {Tolvanen, Juha  P.  and Rossi, Matti  },
	booktitle = {OOPSLA '03: Companion of the 18th annual ACM SIGPLAN conference on Object-oriented programming, systems, languages, and applications},
	isbn = {1-58113-751-6},
	location = {Anaheim, CA, USA},
	pages = {92--93},
	publisher = {ACM},
	title = {MetaEdit+: defining and using domain-specific modeling languages and code generators},
	year = {2003}
}

@inproceedings{tigerVL,
	address = {New York, NY, USA},
	author = {Ehrig, Karsten   and Ermel, Claudia   and H\"{a}nsgen, Stefan   and Taentzer, Gabriele  },
	booktitle = {ASE '05: Proceedings of the 20th IEEE/ACM international Conference on Automated software engineering},
	isbn = {1595939934},
	pages = {134--143},
	publisher = {ACM Press},
	title = {Generation of visual editors as eclipse plug-ins},
	url = {http://dx.doi.org/10.1145/1101908.1101930},
	year = {2005}
}


@article{vldesk,
	address = {New York, NY, USA},
	author = {Costagliola, Gennaro   and Deufemia, Vincenzo   and Polese, Giuseppe  },
	issn = {1049-331X},
	journal = {ACM Trans. Softw. Eng. Methodol.},
	number = {4},
	pages = {431--487},
	publisher = {ACM},
	title = {A framework for modeling and implementing visual notations with applications to software engineering},
	url = {http://dx.doi.org/10.1145/1040291.1040293},
	volume = {13},
	year = {2004}
}


%%%%%%%%%%%%%%%%%%%%%%%%%%%%%%%%%%%%%%%%%%%%

@techreport{BD04,
	address = {Berkeley, California 94720},
	author = {Boshernitsan, Marat   and Downes, Michael  },
	citeulike-article-id = {2539613},
	institution = {University of California},
	keywords = {visual\_languages},
	month = {December},
	posted-at = {2008-11-05 22:01:32},
	priority = {2},
	title = {Visual Programming Languages: A Survey},
	year = {2004}
}

%%%%%%%%%%%%%%%%%%%%%%%%%%%%%%%%%%%%%%%

@inproceedings{ehrig2005,
    address = {Long Beach, CA},
    author = {Ehrig, K. and Ermel, C. and Hansgen, S. and Taentzer, G.},
    booktitle = {International Conference on Automated Software Engineering},
    citeulike-article-id = {7207845},
    keywords = {modeling, tools, visual\_languages},
    month = {November},
    pages = {134--143},
    posted-at = {2010-05-23 15:18:59},
    priority = {2},
    publisher = {ACM Press},
    title = {Generation of visual editors as Eclipse plug-ins},
    year = {2005}
}

%%%%%%%%%%%%%%%%%%%%%%%%%%%%%%%%%%%%%%%%

@article{ehrig06,
    address = {Amsterdam, The Netherlands, The Netherlands},
    author = {Ehrig, Karsten and Ermel, Claudia and H\"{a}nsgen, Stefan},
    citeulike-article-id = {7207846},
    citeulike-linkout-0 = {http://portal.acm.org/citation.cfm?id=1706918},
    citeulike-linkout-1 = {http://dx.doi.org/10.1016/j.entcs.2006.01.013},
    doi = {10.1016/j.entcs.2006.01.013},
    issn = {1571-0661},
    journal = {Electron. Notes Theor. Comput. Sci.},
    keywords = {visual\_languages},
    pages = {39--52},
    posted-at = {2010-05-23 15:24:33},
    priority = {2},
    publisher = {Elsevier Science Publishers B. V.},
    title = {Towards Model Transformation in Generated Eclipse Editor Plug-Ins},
    url = {http://dx.doi.org/10.1016/j.entcs.2006.01.013},
    volume = {152},
    year = {2006}
}

%%%%%%%%%%%%%%%%%%%%%%%%%%%%%%%%%%%%%%%%%	

@inproceedings{smith99,
    author = {Smith, Shamus and Duke, David and Massink, Mieke},
    booktitle = {Proc. Human Factors and Ergonomics Soc. 48th Ann. Meeting, Human Factors and Ergonomics Soc},
    citeulike-article-id = {7207877},
    citeulike-linkout-0 = {http://citeseerx.ist.psu.edu/viewdoc/summary?doi=10.1.1.49.2818},
    keywords = {flow\_nets, graphical\_user\_interfaces, hybrid\_systems},
    pages = {1601--1604},
    posted-at = {2010-05-23 15:47:26},
    priority = {2},
    title = {The Hybrid World of Virtual Environments},
    volume = {2004},
    year = {1999}
}


@inproceedings{smith99b,
    address = {United Kingdom},
    author = {Smith, Shamus and Duke, David},
    booktitle = {Proceedings of Eurographics UK 17th Annual Conference (EG-UK99)},
    citeulike-article-id = {7209191},
    editor = {Chapter, Eurographics U. K.},
    keywords = {flow\_nets},
    posted-at = {2010-05-24 15:09:38},
    priority = {2},
    title = {Virtual Environments as Hybrid Systems},
    year = {1999}
}




%%%%%%%%%%%%%%%%%%%%%%%%%%%

@phdthesis{petri62,
    address = {Bonn},
    author = {Petri, C. A.},
    citeulike-article-id = {687958},
    keywords = {petri\_nets},
    posted-at = {2010-05-24 00:14:22},
    priority = {2},
    school = {Institut f\"{u}r instrumentelle Mathematik},
    title = {Kommunikation mit Automaten},
    year = {1962}
}


%%%%%%%%%%%%%%%%%%%%%%%%%%%%%%%%%%%

@article{costagliola05,
    author = {Costagliola, Gennaro and Deufemia, Vincenzo and Polese, Giuseppe and Risi, Michele},
    booktitle = {Selected papers from Visual Languages and Formal Methods 2004 (VLFM '04)},
    citeulike-article-id = {878318},
    citeulike-linkout-0 = {http://dx.doi.org/10.1016/j.jvlc.2005.06.001},
    citeulike-linkout-1 = {http://dx.doi.org/http://dx.doi.org/10.1016/j.jvlc.2005.06.001},
    citeulike-linkout-2 = {http://dx.doi.org/10.1016/j.jvlc.2005.06.001},
    citeulike-linkout-3 = {http://linkinghub.elsevier.com/retrieve/pii/S1045926X05000339},
    citeulike-linkout-4 = {http://www.sciencedirect.com/science/article/B6WMM-4H6PKNV-1/2/c2c600b0c4d62c70ef311da3f3fd6feb},
    doi = {http://dx.doi.org/10.1016/j.jvlc.2005.06.001},
    issn = {1045926X},
    journal = {Journal of Visual Languages \& Computing},
    month = {December},
    number = {6},
    pages = {508--540},
    posted-at = {2008-10-15 14:28:45},
    priority = {2},
    title = {Building syntax-aware editors for visual languages},
    url = {http://dx.doi.org/10.1016/j.jvlc.2005.06.001},
    volume = {16},
    year = {2005}
}


%%%%%%%%%%%%%%%%%%%%%%%%%%%%%%%%


@inproceedings{costagliola00,
    address = {Washington, DC, USA},
    author = {Costagliola, Gennaro and Polese, Giuseppe},
    booktitle = {VL '00: Proceedings of the 2000 IEEE International Symposium on Visual Languages (VL'00)},
    citeulike-article-id = {7294827},
    citeulike-linkout-0 = {http://portal.acm.org/citation.cfm?id=834566},
    isbn = {0-7695-0840-5},
    keywords = {visual\_environments, visual\_languages, vldesk},
    pages = {103+},
    posted-at = {2010-06-12 18:31:23},
    priority = {2},
    publisher = {IEEE Computer Society},
    title = {Extended Positional Grammars},
    url = {http://portal.acm.org/citation.cfm?id=834566},
    year = {2000}
}

%%%%%%%%%%%%%%%%%%%%%%%%%%%%%

@techreport{relz0101,
    author = "Joseph D. Novak and Alberto J. Canas",
    title = "The Theory Underlying Concept Maps and How To Construct and Use Them",
    year = 2006,
    institution = "Institute for Human and Machine Cognition"
    }